@INPROCEEDINGS{PhilippeBL2017:HPCS,
  author={Philippe, Jolan and Bousdira, Wadoud and Loulergue, Frédéric},
  booktitle={2017 International Conference on High Performance Computing and Simulation (HPCS)}, 
  title={Formalization of a Big Graph API in Coq}, 
  year={2017},
  volume={},
  number={},
  pages={893-894},
  url={https://doi.org/10.1109/HPCS.2017.140}
}