@misc{PhilippeG2018:NAU,
    title = {2D-Clustering through Approximation Method using Geometric Calculation},
    author = {Philippe, Jolan and Gowanlock Michael},
    year = {2018},
    url={https://doi.org/10.5281/zenodo.10126470}
}