@INPROCEEDINGS{PhilippeL2018:HPCS,
  author={Philippe, Jolan and Loulergue, Frédéric},
  booktitle={2018 International Conference on High Performance Computing and Simulation (HPCS)}, 
  title={Towards the Generation of Correct Java Programs (Research Poster)}, 
  year={2018},
  volume={},
  number={},
  pages={1055-1056},
  url={https://doi.org/10.1109/HPCS.2018.00166}
}
