@INPROCEEDINGS{PhilippeL2019:HPCS1,
  author={Philippe, Jolan and Loulergue, Frédéric},
  booktitle={2019 International Conference on High Performance Computing and Simulation (HPCS)}, 
  title={PySke: Algorithmic Skeletons for Python}, 
  year={2019},
  volume={},
  number={},
  pages={40-47},
url = {https://doi.org/10.1109/HPCS48598.2019.9188151}}
