
@INPROCEEDINGS{PhilippeL2019:HPCS2,
  author={Philippe, Jolan and Loulergue, Frédéric},
  booktitle={2019 International Conference on High Performance Computing and Simulation (HPCS)}, 
  title={Towards Automatically Optimizing PySke Programs}, 
  year={2019},
  volume={},
  number={},
  pages={1045-1046},
  url={https://doi.org/10.1109/HPCS48598.2019.9188160}
}
