@InProceedings{LoulergueP2020:ICA3PP,
    author="Loulergue, Fr{\'e}d{\'e}ric and Philippe, Jolan",
    editor="Wen, Sheng and Zomaya, Albert and Yang, Laurence T.",
    title="Automatic Optimization of Python Skeletal Parallel Programs",
    booktitle="Algorithms and Architectures for Parallel Processing",
    year="2020",
    publisher="Springer International Publishing",
    address="Cham",
    pages="183--197",
    url = {https://doi.org/10.1007/978-3-030-38991-8_13},
}