@INPROCEEDINGS{LoulergueP2019:PDCAT,
  author={Loulergue, Frédéric and Philippe, Jolan},
  booktitle={2019 20th International Conference on Parallel and Distributed Computing, Applications and Technologies (PDCAT)}, 
  title={New List Skeletons for the Python Skeleton Library}, 
  year={2019},
  volume={},
  number={},
  pages={392-397},
url = {https://doi.org/10.1109/PDCAT46702.2019.00077}}