@misc{Philippe2019:NAU2,
title = {Digital Signatures using Elliptic Curve with Extended Galois Fields},
author = {Philippe, Jolan},
year = {2019},
url={https://inria.hal.science/hal-03709246/}
}