@thesis{Philippe2019:NAU,
author = {Philippe, Jolan},
title = {Systematic development of Efficient programs on Parallel data structures},
school = {Northern Arizona University},
year = {2019},
url = {https://www.proquest.com/openview/02f765dad0386577b4d338b8e9abbad4}
}
