@inproceedings{PhilippeL2019:SAC,
    author = {Philippe, Jolan and Loulergue, Fr\'{e}d\'{e}ric},
    title = {Parallel Programming with Coq: Map and Reduce Skeletons on Trees},
    year = {2019},
    publisher = {Association for Computing Machinery},
    address = {New York, NY, USA},
    url = {https://doi.org/10.1145/3297280.3299742},
    booktitle = {Proceedings of the 34th ACM/SIGAPP Symposium on Applied Computing},
    pages = {1578â€“1581},
    numpages = {4},
    keywords = {Coq, parallel programming, functional programming},
    location = {Limassol, Cyprus},
    series = {SAC '19}
}
