@inproceedings{PhilippeTCS2020:MODELS,
author = {Philippe, Jolan and Coullon, H\'{e}l\`{e}ne and Tisi, Massimo and Suny\'{e}, Gerson},
title = {Towards Transparent Combination of Model Management Execution Strategies for Low-Code Development Platforms},
year = {2020},
publisher = {Association for Computing Machinery},
address = {New York, NY, USA},
url = {https://doi.org/10.1145/3417990.3420206},
booktitle = {Proceedings of the 23rd ACM/IEEE International Conference on Model Driven Engineering Languages and Systems: Companion Proceedings},
articleno = {72},
numpages = {10},
keywords = {model-driven engineering, OCL, multi-strategy, spark, low-code development},
location = {Virtual Event, Canada},
series = {MODELS '20}
}