@inproceedings{PhilippeTCS2021:SLE,
    author = {Philippe, Jolan and Tisi, Massimo and Coullon, H\'{e}l\`{e}ne and Suny\'{e}, Gerson},
    title = {Executing Certified Model Transformations on Apache Spark},
    year = {2021},
    publisher = {Association for Computing Machinery},
    address = {New York, NY, USA},
    url = {https://doi.org/10.1145/3486608.3486901},
    booktitle = {Proceedings of the 14th ACM SIGPLAN International Conference on Software Language Engineering},
    pages = {36â€“48},
    numpages = {13},
    keywords = {Model-Driven Engineering, Spark, Model transformation, Coq},
    location = {Chicago, IL, USA},
    series = {SLE 2021}
}
