@misc{Philippe2021:JDOC,
    title = {Evaluation of Combinations of Model Management Execution Strategies for Low-Code Development Platforms},
    author = {Philippe, Jolan},
    year = {2021},
    booktitle={MathSTIC, JDOC}, 
    url={https://doi.org/10.5281/zenodo.10126465}
}
