

@phdthesis{Philippe2022:IMT,
    author = {Philippe, Jolan},
    title = {Contribution to the Analysis of the Design-Space of a Distributed Transformation Engine},
    school = {IMT Atlantique},
    year = {2022},
    url = {https://doi.org/10.5281/zenodo.8192984}
}
