@inproceedings{LoulergueP2023:FTfJP,
    author = {Loulergue, Fr\'{e}d\'{e}ric and Philippe, Jolan},
    title = {Towards Verified Scalable Parallel Computing with Coq and Spark},
    year = {2023},
    publisher = {Association for Computing Machinery},
    address = {New York, NY, USA},
    url = {https://doi.org/10.1145/3605156.3606450},
    booktitle = {Proceedings of the 25th ACM International Workshop on Formal Techniques for Java-like Programs},
    pages = {11â€“17},
    numpages = {7},
    keywords = {Program transformation, Coq, Functional programming, Algorithmic skeletons, Apache Spark, Scala, Interactive theorem proving},
    location = {Seattle, WA, USA},
    series = {FTfJP 2023}
}
