@INPROCEEDINGS {PhilippeOCPR2024:SANER,
    author = {Philippe, Jolan and Omond, Antoine and Coullon, Hélène and Prud'Homme, Charles and Raïs, Issam},
    booktitle = {2024 IEEE International Conference on Software Analysis, Evolution and Reengineering (SANER)},
    title = {Fast Choreography of Cross-DevOps Reconfiguration with Ballet: A Multi-Site OpenStack Case Study},
    year = {2024},
    volume = {},
    issn = {},
    pages = {},
    keywords = {Reconfiguration, DevOps, decentralization, choreography, service-oriented software, distributed system, constraint programming},
    publisher = {IEEE Computer Society},
    address = {Rovaniemi, Finland},
    month = {mar},
    url = {https://hal.science/hal-04457484/document}
}