@article{ArfiCRLP2024:ICE,
    author = {Arfi, Farid and Coullon, Hélène and Loulergue, Frédéric and Philippe, Jolan and Robillard, Simon},
    title = {A Maude Formalization of the Distributed Reconfiguration Language Concerto-D},
    year = {2024},
    series = {ICE'24},
    url = {https://inria.hal.science/hal-04572043}
}

