@misc{gdrgpl:ADDYCT,
  author = {Laval, Jannik and Philippe, Jolan and Cariou, Eric and Ameur-Boulifa, Rabea and Guérin, Sylvain and Kouchnarenko, Olga and Guermouche, Nawal},
  title = {Défi Adaptation Continue (ADDYCT)},
  year = {2025},
    note = {Produced in the context of GDR GPL renewal for 2026-2030},
    url = {https://jolanphilippe.github.io/docs/publications/2025_laval_gdr.pdf"}
}


