2025_dais_jonglez.bib


@INPROCEEDINGS {JonglezSPK2025:DAIS,
    author = {Jonglez, Baptiste and Simonin, Matthieu and Philippe, Jolan and Kaddour, Sidi Mohammed},
    booktitle = {Distributed Applications and Interoperable Systems (DAIS 2025), Held as Part of the 20th International Federated Conference on Distributed Computing Techniques, DisCoTec 2025, Lille, France, June 16--20, 2025, Proceedings},
    title = {Multi-provider capabilities in EnOSlib: driving distributed system experiments on the edge-to-cloud continuum},
    year = {2024},
    volume = {},
    issn = {},
    pages = {},
    keywords = {Experiment-driven research ; Performance evaluation ; Multiple infrastructure ; Distributed computing experimentation library},
    publisher = {Springer LNCS-IFIP},
    address = {Lille, France},
    month = {jun},
    url = {https://inria.hal.science/hal-05052776v1/file/enoslib_dais_2025_v3.pdf}
}