@misc{lowcomoteD52,
author = {Horváth, Benedek and Philippe, Jolan and Sahay, Apurvanand},
title = {Concepts for multi-paradigm distributed transformation},
year = {2020},
note = {Publicly produced for the project Training the Next Generation of Experts in Scalable Low-Code Engineering Platforms (Lowcomote), funded by Marie Skłodowska-Curie Actions (project number 813884).},
url = {https://www.lowcomote.eu/data/deliverables/D52.pdf}
}
