
@misc{lowcomoteD53,
  author = {Jahanbin, Sorour and Ali, Qurat ul ain and Philippe, Jolan and Horváth, Benedek},
  title = {Scalable Low-Code Artefact Persistence and Query},
  year = {2022},
note = {Publicly produced for the project Training the Next Generation of Experts in Scalable Low-Code Engineering Platforms (Lowcomote), funded by Marie Skłodowska-Curie Actions (project number 813884).},
    url = {https://www.lowcomote.eu/data/deliverables/D53.pdf}
}
