
@misc{lowcomoteD54,
  author = {Horváth, Benedek and Philippe, Jolan and Sahay, Apurvanand and Ali, Qurat ul ain},
  title = {Multi-paradigm Distributed Transformation Engine},
  year = {2022},
note = {Publicly produced for the project Training the Next Generation of Experts in Scalable Low-Code Engineering Platforms (Lowcomote), funded by Marie Skłodowska-Curie Actions (project number 813884).},
    url = {https://www.lowcomote.eu/data/deliverables/D54.pdf}
}
